<?xml version="1.0" encoding="UTF-8"?><collection xmlns="http://www.loc.gov/MARC21/slim"><record><leader>00489nam--2200181-i-4500</leader><controlfield tag="001">000036377</controlfield><controlfield tag="002">20161230</controlfield><controlfield tag="005">20161230201040</controlfield><controlfield tag="008">060222s1000------------r-----000-0-fre-d</controlfield><datafield ind1=" " ind2=" " tag="040"><subfield code="a">IFIN-HH</subfield></datafield><datafield ind1=" " ind2=" " tag="041"><subfield code="a">fre</subfield></datafield><datafield ind1=" " ind2=" " tag="080"><subfield code="a">533.6.011.5(043)</subfield></datafield><datafield ind1="1" ind2=" " tag="100"><subfield code="a">Porcar, Raymond</subfield></datafield><datafield ind1="1" ind2="0" tag="245"><subfield code="a">Contribution optique a l`etude d`ecoulements supersoniques</subfield><subfield code="b">These</subfield><subfield code="c">Raymond porcar</subfield></datafield><datafield ind1=" " ind2=" " tag="260"><subfield code="a">Besancon</subfield><subfield code="b">L`Universite</subfield><subfield code="c">1975</subfield></datafield><datafield ind1=" " ind2=" " tag="300"><subfield code="a">120P</subfield></datafield><datafield ind1=" " ind2=" " tag="852"><subfield code="a">44921</subfield><subfield code="c">533.6</subfield></datafield><datafield ind1=" " ind2=" " tag="CAT"><subfield code="a">Sys</subfield><subfield code="c">20110114</subfield><subfield code="h">085127</subfield></datafield></record></collection>